<record><leader>00000cas a22000007a 4500</leader><controlfield tag="001">27179441</controlfield><controlfield tag="008">921229d19uu1948wyuwr ne      0    0eng d</controlfield><datafield ind1=" " ind2=" " tag="010"><subfield code="a">sn 92067227 </subfield></datafield><datafield ind1=" " ind2=" " tag="040"><subfield code="a">NVO</subfield><subfield code="b">eng</subfield><subfield code="c">NVO</subfield><subfield code="d">OCLCQ</subfield></datafield><datafield ind1=" " ind2=" " tag="042"><subfield code="a">msc</subfield></datafield><datafield ind1="0" ind2="4" tag="245"><subfield code="a">The Rock Springs Sunday miner.</subfield></datafield><datafield ind1="3" ind2="0" tag="246"><subfield code="a">Sunday miner</subfield></datafield><datafield ind1="1" ind2="7" tag="246"><subfield code="a">Sunday Rock Springs miner</subfield></datafield><datafield ind1=" " ind2=" " tag="260"><subfield code="a">Rock Springs, Wyo. :</subfield><subfield code="b">Rock Springs Pub. Co.</subfield></datafield><datafield ind1=" " ind2=" " tag="300"><subfield code="a">v.</subfield></datafield><datafield ind1=" " ind2=" " tag="310"><subfield code="a">Weekly</subfield></datafield><datafield ind1="0" ind2=" " tag="362"><subfield code="a">-v. 65, no. 12 (Feb. 22, 1948).</subfield></datafield><datafield ind1=" " ind2=" " tag="588"><subfield code="a">Description based on: Vol. 64, no. 5 (Jan. 6, 1946).</subfield></datafield><datafield ind1=" " ind2="4" tag="651"><subfield code="a">Rock Springs (Wyo.)</subfield><subfield code="v">Newspapers.</subfield></datafield><datafield ind1=" " ind2="4" tag="651"><subfield code="a">Sweetwater County (Wyo.)</subfield><subfield code="v">Newspapers.</subfield></datafield><datafield ind1=" " ind2=" " tag="752"><subfield code="a">United States</subfield><subfield code="b">Wyoming</subfield><subfield code="c">Sweetwater</subfield><subfield code="d">Rock Springs.</subfield></datafield><datafield ind1="0" ind2="0" tag="780"><subfield code="t">Rock Springs miner (Rock Springs, Wyo. : 1888)</subfield><subfield code="w">(DLC)sn 92067225</subfield></datafield><datafield ind1="0" ind2="0" tag="785"><subfield code="t">Rock Springs miner (Rock Springs, Wyo. : 1948)</subfield><subfield code="w">(DLC)sn 93070037</subfield></datafield><datafield ind1="1" ind2=" " tag="029"><subfield code="a">AU@</subfield><subfield code="b">000020753739</subfield></datafield></record>